{
  "monthlyData": [
    {
      "month": "2023-06",
      "revenue": 517429,
      "grossprofit": 184113,
      "marketingSpend": 37092,
      "roas": 13.94988137603796,
      "poas": 4.963684891620835,
      "grossMarginPercent": 35.58227312346235,
      "marketingPercent": 7.168519738940028,
      "netProfit": 147021,
      "netProfitPercent": 28.413753384522323,
      "poasRoasRatio": 0.3558227312346235,
      "breakevenROAS": 2.8103881855165036
    },
    {
      "month": "2023-07",
      "revenue": 676499,
      "grossprofit": 234499,
      "marketingSpend": 71677,
      "roas": 9.438160079244389,
      "poas": 3.271607349637959,
      "grossMarginPercent": 34.66361369344227,
      "marketingPercent": 10.59528543279443,
      "netProfit": 162822,
      "netProfitPercent": 24.068328260647835,
      "poasRoasRatio": 0.34663613693442263,
      "breakevenROAS": 2.8848694450722605
    },
    {
      "month": "2023-08",
      "revenue": 803957,
      "grossprofit": 281120,
      "marketingSpend": 68340,
      "roas": 11.764076675446297,
      "poas": 4.113549897570969,
      "grossMarginPercent": 34.967044257342124,
      "marketingPercent": 8.50045462630464,
      "netProfit": 212780,
      "netProfitPercent": 26.46658963103748,
      "poasRoasRatio": 0.3496704425734212,
      "breakevenROAS": 2.859835657370518
    },
    {
      "month": "2023-09",
      "revenue": 814386,
      "grossprofit": 295522,
      "marketingSpend": 54764,
      "roas": 14.870827550945878,
      "poas": 5.396282229201665,
      "grossMarginPercent": 36.28770632108116,
      "marketingPercent": 6.724575324231997,
      "netProfit": 240758,
      "netProfitPercent": 29.563130996849157,
      "poasRoasRatio": 0.36287706321081153,
      "breakevenROAS": 2.7557542247277698
    },
    {
      "month": "2023-10",
      "revenue": 1424506,
      "grossprofit": 502420,
      "marketingSpend": 120675,
      "roas": 11.804483115806919,
      "poas": 4.163414128858504,
      "grossMarginPercent": 35.26977071349647,
      "marketingPercent": 8.471357789998779,
      "netProfit": 381745,
      "netProfitPercent": 26.79841292349769,
      "poasRoasRatio": 0.3526977071349647,
      "breakevenROAS": 2.8352892002706898
    },
    {
      "month": "2023-11",
      "revenue": 2179257,
      "grossprofit": 732811,
      "marketingSpend": 201160,
      "roas": 10.833450984291112,
      "poas": 3.6429260290316168,
      "grossMarginPercent": 33.62664431042323,
      "marketingPercent": 9.230668984887968,
      "netProfit": 531651,
      "netProfitPercent": 24.395975325535264,
      "poasRoasRatio": 0.3362664431042323,
      "breakevenROAS": 2.9738322705308735
    },
    {
      "month": "2023-12",
      "revenue": 1608178,
      "grossprofit": 516660,
      "marketingSpend": 173094,
      "roas": 9.290778420973576,
      "poas": 2.984852161253423,
      "grossMarginPercent": 32.127040663409154,
      "marketingPercent": 10.763360772252822,
      "netProfit": 343566,
      "netProfitPercent": 21.36367989115633,
      "poasRoasRatio": 0.3212704066340915,
      "breakevenROAS": 3.112642743777339
    },
    {
      "month": "2024-01",
      "revenue": 1672328,
      "grossprofit": 560646,
      "marketingSpend": 227512,
      "roas": 7.350504588768944,
      "poas": 2.464248039663842,
      "grossMarginPercent": 33.524882678517606,
      "marketingPercent": 13.60450820652408,
      "netProfit": 333134,
      "netProfitPercent": 19.920374471993533,
      "poasRoasRatio": 0.33524882678517615,
      "breakevenROAS": 2.982859059014066
    },
    {
      "month": "2024-02",
      "revenue": 1353914,
      "grossprofit": 438707,
      "marketingSpend": 161520,
      "roas": 8.382330361565131,
      "poas": 2.716115651312531,
      "grossMarginPercent": 32.40287049251282,
      "marketingPercent": 11.929856696954163,
      "netProfit": 277187,
      "netProfitPercent": 20.473013795558654,
      "poasRoasRatio": 0.3240287049251282,
      "breakevenROAS": 3.0861463345695417
    },
    {
      "month": "2024-03",
      "revenue": 1432995,
      "grossprofit": 423743,
      "marketingSpend": 195006,
      "roas": 7.348466201039968,
      "poas": 2.1729741648974903,
      "grossMarginPercent": 29.57044511669615,
      "marketingPercent": 13.608281954926571,
      "netProfit": 228737,
      "netProfitPercent": 15.96216316176958,
      "poasRoasRatio": 0.2957044511669615,
      "breakevenROAS": 3.381754978843308
    },
    {
      "month": "2024-04",
      "revenue": 1434373,
      "grossprofit": 451284,
      "marketingSpend": 195055,
      "roas": 7.353684858116941,
      "poas": 2.3136243623593344,
      "grossMarginPercent": 31.462109228213304,
      "marketingPercent": 13.598624625533247,
      "netProfit": 256229,
      "netProfitPercent": 17.863484602680053,
      "poasRoasRatio": 0.31462109228213303,
      "breakevenROAS": 3.1784264454312585
    },
    {
      "month": "2024-05",
      "revenue": 1477037,
      "grossprofit": 469038,
      "marketingSpend": 239135,
      "roas": 6.176582265247664,
      "poas": 1.9613941915654338,
      "grossMarginPercent": 31.755331789251045,
      "marketingPercent": 16.190183455119946,
      "netProfit": 229903,
      "netProfitPercent": 15.565148334131102,
      "poasRoasRatio": 0.31755331789251046,
      "breakevenROAS": 3.1490774734669684
    },
    {
      "month": "2024-06",
      "revenue": 1315222,
      "grossprofit": 400417,
      "marketingSpend": 231576,
      "roas": 5.6794400110546865,
      "poas": 1.729095415759837,
      "grossMarginPercent": 30.444822242936937,
      "marketingPercent": 17.607369706406978,
      "netProfit": 168841,
      "netProfitPercent": 12.837452536529955,
      "poasRoasRatio": 0.30444822242936936,
      "breakevenROAS": 3.2846307724197525
    },
    {
      "month": "2024-07",
      "revenue": 1540727,
      "grossprofit": 478798,
      "marketingSpend": 261222,
      "roas": 5.898151763633997,
      "poas": 1.8329160637312325,
      "grossMarginPercent": 31.07610887587483,
      "marketingPercent": 16.95446370447198,
      "netProfit": 217576,
      "netProfitPercent": 14.12164517140285,
      "poasRoasRatio": 0.3107610887587483,
      "breakevenROAS": 3.2179060898332907
    },
    {
      "month": "2024-08",
      "revenue": 2212443,
      "grossprofit": 697129,
      "marketingSpend": 325949,
      "roas": 6.787696848279945,
      "poas": 2.1387671077377135,
      "grossMarginPercent": 31.50946713655448,
      "marketingPercent": 14.732537742215278,
      "netProfit": 371180,
      "netProfitPercent": 16.7769293943392,
      "poasRoasRatio": 0.3150946713655448,
      "breakevenROAS": 3.1736493532760797
    },
    {
      "month": "2024-09",
      "revenue": 2351746,
      "grossprofit": 743622,
      "marketingSpend": 356141,
      "roas": 6.6034126932872095,
      "poas": 2.0879988543863246,
      "grossMarginPercent": 31.619996377159776,
      "marketingPercent": 15.14368473466097,
      "netProfit": 387481,
      "netProfitPercent": 16.476311642498807,
      "poasRoasRatio": 0.31619996377159776,
      "breakevenROAS": 3.1625557070662245
    },
    {
      "month": "2024-10",
      "revenue": 3530820,
      "grossprofit": 1060901,
      "marketingSpend": 515699,
      "roas": 6.846668308451248,
      "poas": 2.057209728931024,
      "grossMarginPercent": 30.046872964353888,
      "marketingPercent": 14.605644014704799,
      "netProfit": 545202,
      "netProfitPercent": 15.44122894964909,
      "poasRoasRatio": 0.3004687296435389,
      "breakevenROAS": 3.328133350802761
    },
    {
      "month": "2024-11",
      "revenue": 3419984,
      "grossprofit": 1103583,
      "marketingSpend": 453343,
      "roas": 7.5439214899094065,
      "poas": 2.434322356361519,
      "grossMarginPercent": 32.26865973641982,
      "marketingPercent": 13.25570528984931,
      "netProfit": 650240,
      "netProfitPercent": 19.01295444657051,
      "poasRoasRatio": 0.3226865973641982,
      "breakevenROAS": 3.0989821336501198
    },
    {
      "month": "2024-12",
      "revenue": 2519010,
      "grossprofit": 720158,
      "marketingSpend": 238630,
      "roas": 10.556132925449441,
      "poas": 3.0178854293257342,
      "grossMarginPercent": 28.588929777968332,
      "marketingPercent": 9.473166045390848,
      "netProfit": 481528,
      "netProfitPercent": 19.11576373257748,
      "poasRoasRatio": 0.28588929777968325,
      "breakevenROAS": 3.497857414622902
    },
    {
      "month": "2025-01",
      "revenue": 2297362,
      "grossprofit": 614139,
      "marketingSpend": 197913,
      "roas": 11.607938841814333,
      "poas": 3.1030755938215275,
      "grossMarginPercent": 26.732356502806265,
      "marketingPercent": 8.614793837453567,
      "netProfit": 416226,
      "netProfitPercent": 18.117562665352697,
      "poasRoasRatio": 0.2673235650280626,
      "breakevenROAS": 3.740785066572877
    },
    {
      "month": "2025-02",
      "revenue": 1427493,
      "grossprofit": 423973,
      "marketingSpend": 121859,
      "roas": 11.714300954381704,
      "poas": 3.479209578283098,
      "grossMarginPercent": 29.700530930799662,
      "marketingPercent": 8.536574259908805,
      "netProfit": 302114,
      "netProfitPercent": 21.163956670890855,
      "poasRoasRatio": 0.2970053093079966,
      "breakevenROAS": 3.3669431779853904
    },
    {
      "month": "2025-03",
      "revenue": 1182425,
      "grossprofit": 333958,
      "marketingSpend": 102433,
      "roas": 11.543399099899446,
      "poas": 3.260257924692238,
      "grossMarginPercent": 28.243482673319658,
      "marketingPercent": 8.662959595746031,
      "netProfit": 231525,
      "netProfitPercent": 19.58052307757363,
      "poasRoasRatio": 0.28243482673319664,
      "breakevenROAS": 3.540639840938082
    },
    {
      "month": "2025-04",
      "revenue": 1075032,
      "grossprofit": 317448,
      "marketingSpend": 101210,
      "roas": 10.621796265191186,
      "poas": 3.1365280110661002,
      "grossMarginPercent": 29.52916750385105,
      "marketingPercent": 9.414603472268732,
      "netProfit": 216238,
      "netProfitPercent": 20.114564031582315,
      "poasRoasRatio": 0.2952916750385105,
      "breakevenROAS": 3.3864821955091857
    },
    {
      "month": "2025-05",
      "revenue": 862700,
      "grossprofit": 261045,
      "marketingSpend": 83301,
      "roas": 10.356418290296634,
      "poas": 3.1337558972881476,
      "grossMarginPercent": 30.259070360496114,
      "marketingPercent": 9.655847919323056,
      "netProfit": 177744,
      "netProfitPercent": 20.60322244117306,
      "poasRoasRatio": 0.30259070360496115,
      "breakevenROAS": 3.304794192572162
    }
  ],
  "thresholds": {
    "roas": {
      "low": 7,
      "high": 9
    },
    "poas": {
      "low": 2,
      "high": 3
    },
    "grossMarginPercent": {
      "low": 30,
      "high": 35
    },
    "netProfitPercent": {
      "low": 20,
      "high": 25
    },
    "marketingPercent": {
      "low": 9,
      "high": 12
    },
    "revenue": {
      "low": 1500000,
      "high": 3000000
    },
    "grossprofit": {
      "low": 400000,
      "high": 1000000
    },
    "marketingSpend": {
      "low": 100000,
      "high": 300000
    },
    "nettovinst": {
      "low": 300000,
      "high": 500000
    },
    "poasRoasRatio": {
      "low": 0.3,
      "high": 0.4
    }
  },
  "exportDate": "2025-06-09T15:33:12.173Z",
  "note": "Tröskelvärden sparas automatiskt i thresholds.json filen"
}